<record><leader>00000cas a2200000   4500</leader><controlfield tag="001">4345174</controlfield><controlfield tag="008">781103d17881791maucr nec     0   a0eng d</controlfield><datafield ind1=" " ind2=" " tag="010"><subfield code="a">sn 88087245 </subfield></datafield><datafield ind1=" " ind2=" " tag="040"><subfield code="a">CIN</subfield><subfield code="b">eng</subfield><subfield code="c">CIN</subfield><subfield code="d">MUL</subfield><subfield code="d">OCL</subfield><subfield code="d">SLZ</subfield><subfield code="d">OCL</subfield><subfield code="d">CUS</subfield><subfield code="d">OCLCQ</subfield><subfield code="d">OCLCF</subfield><subfield code="d">OCLCO</subfield></datafield><datafield ind1=" " ind2=" " tag="042"><subfield code="a">msc</subfield></datafield><datafield ind1=" " ind2=" " tag="043"><subfield code="a">n-us-ma</subfield></datafield><datafield ind1="0" ind2="0" tag="245"><subfield code="a">Herald of freedom</subfield><subfield code="h">[microform].</subfield></datafield><datafield ind1=" " ind2=" " tag="260"><subfield code="a">Boston.</subfield></datafield><datafield ind1=" " ind2=" " tag="300"><subfield code="a">v.</subfield></datafield><datafield ind1="0" ind2=" " tag="362"><subfield code="a">v. 1 (Sept. 15, 1788)-v. 6, no. 35 (July 19, 1791).</subfield></datafield><datafield ind1=" " ind2=" " tag="500"><subfield code="a">"Mass.515."</subfield></datafield><datafield ind1=" " ind2=" " tag="500"><subfield code="a">Issued in box with The Argus.</subfield></datafield><datafield ind1=" " ind2=" " tag="533"><subfield code="a">Microopaque. Worcester, Mass., Readex Microprint,</subfield><subfield code="d">1968. 22 cards in 1 box.</subfield><subfield code="e">25 cm. (Early American newspapers, 1704-1820).</subfield></datafield><datafield ind1=" " ind2="0" tag="651"><subfield code="a">Boston (Mass.)</subfield><subfield code="v">Newspapers.</subfield></datafield><datafield ind1=" " ind2="7" tag="655"><subfield code="a">Newspapers.</subfield><subfield code="2">fast</subfield><subfield code="0">(OCoLC)fst01423814</subfield></datafield><datafield ind1=" " ind2="7" tag="651"><subfield code="a">Massachusetts</subfield><subfield code="z">Boston.</subfield><subfield code="2">fast</subfield><subfield code="0">(OCoLC)fst01205012</subfield></datafield><datafield ind1=" " ind2=" " tag="752"><subfield code="a">United States</subfield><subfield code="b">Massachusetts</subfield><subfield code="c">Suffolk</subfield><subfield code="d">Boston.</subfield></datafield><datafield ind1="0" ind2="0" tag="785"><subfield code="t">Argus (Boston, Mass.)</subfield><subfield code="w">(DLC)sn 83020824</subfield></datafield><datafield ind1=" " ind2=" " tag="936"><subfield code="a">July 19, 1791</subfield></datafield></record>